% This file was created with Citavi 6.3.0.0

@patent{LA_CAN1,
 author = {{PE Ramesh} and {Godfree Coelho} and {RN Prasanna}},
 title = {Controller area networks performance parameters measurement},
 number = {US 7929461 B2},
 file = {https://patentimages.storage.googleapis.com/45/bd/5d/63694988d01ccf/US7929461.pdf},
 urldate = {12.02.20}
}

@inproceedings{LA_CAN2,
 author = {Ye, Qiangsheng},
 title = {Research and application of CAN and LIN bus in automobile Network System},
 pages = {V6-150-V6-154},
 publisher = {IEEE},
 isbn = {978-1-4244-6539-2},
 booktitle = {2010 3rd International Conference on Advanced Computer Theory and Engineering(ICACTE)},
 year = {20.08.2010 - 22.08.2010},
 doi = {10.1109/ICACTE.2010.5579409},
 file = {http://ieeexplore.ieee.org/document/5579409/},
 urldate = {12.02.20}
}

@book{LA_Bosch_6te_auflage,
 author = {Reif, Konrad},
 year = {2011},
 title = {Bosch Autoelektrik und Autoelektronik: Bordnetze, Sensoren und elektronische Systeme ; mit 43 Tab},
 url = {http://dx.doi.org/10.1007/978-3-8348-9902-6},
 address = {Wiesbaden},
 edition = {6., {\"u}berarbeitete und erweiterte Auflage},
 publisher = {{Vieweg+Teubner Verlag / Springer Fachmedien Wiesbaden GmbH Wiesbaden}},
 isbn = {978-3-8348-1274-2},
 series = {Bosch Fachinformation Automobil},
 doi = {10.1007/978-3-8348-9902-6},
 file = {https://external.dandelon.com/download/attachments/dandelon/ids/DE00247D282900209D5B0C1257814004D24BA.pdf},
 urldate = {10.02.20}
}

@misc{LA_CAN_FD1,
 title = {CAN with Flexible Data-Rate},
 file = {https://www.canopen.org/fileadmin/resources/documents/proceedings/2012_hartwich.pdf},
 urldate = {13.02.20}
}

@inproceedings{LA_CAN_FD2,
 author = {Bordoloi, Unmesh D. and Samii, Soheil},
 title = {The Frame Packing Problem for CAN-FD},
 pages = {284--293},
 publisher = {IEEE},
 isbn = {978-1-4799-7288-3},
 booktitle = {2014 IEEE Real-Time Systems Symposium},
 year = {02.12.2014 - 05.12.2014},
 doi = {10.1109/RTSS.2014.8},
 file = {http://ieeexplore.ieee.org/document/7010495/},
 urldate = {13.02.20}
}

@misc{LA_FR1,
 title = {Comparison of FlexRay and CAN-Bus for Real-Time Communication},
 file = {https://www.semanticscholar.org/paper/Comparison-of-FlexRay-and-CAN-bus-for-Real-Time-Forsberg/546ce8a60a5db2054c7adb08a615d0ab060d88df},
 urldate = {11.02.20}
}

@inproceedings{LA_CAN3,
 author = {{Nor Shah}, Mohd Badril and Husain, Abdul Rashid and Dahalan, Amira Sarayati Ahmad},
 title = {An analysis of CAN-based steer-by-wire system performance in vehicle},
 pages = {350--355},
 publisher = {IEEE},
 isbn = {978-1-4799-1508-8},
 booktitle = {2013 IEEE International Conference on Control System, Computing and Engineering},
 year = {29.11.2013 - 01.12.2013},
 doi = {10.1109/ICCSCE.2013.6719988},
 file = {http://ieeexplore.ieee.org/document/6719988/},
 urldate = {10.02.20}
}

@inproceedings{LA_LIN1,
 author = {Xu, Yanyan and Wang, Jingcheng and Chen, Wenxin and Tao, Jin and Liu, Qiujuan},
 title = {Application of LIN Bus in Vehicle Network},
 pages = {119--123},
 publisher = {IEEE},
 isbn = {1-4244-0758-3},
 booktitle = {2006 IEEE International Conference on Vehicular Electronics and Safety},
 year = {13.12.2006 - 15.12.2006},
 doi = {10.1109/ICVES.2006.371566},
 file = {http://ieeexplore.ieee.org/document/4234002/},
 urldate = {10.02.20}
}

@misc{LA_LDF-Tool,
 title = {LDF-Tool},
 file = {https://www.intrepidcs.com/products/free-tools/ldf-tool/},
 urldate = {13.02.20}
}

@misc{LA_StVZO38,
 author = {{StVZO {\$}38}},
 title = {Stra{\ss}enverkehrs-Zulassungs-Ordnung: StVZO},
 year = {26.04.2012},
 file = {https://www.gesetze-im-internet.de/stvzo_2012/StVZO.pdf}
}

@misc{LA_StVZO41,
 author = {{StVZO {\$}41}},
 title = {Stra{\ss}enverkehrs-Zulassungs-Ordnung: StVZO},
 year = {26.04.12},
 file = {https://www.gesetze-im-internet.de/stvzo_2012/StVZO.pdf}
}

@inproceedings{LA_FR2,
 author = {Heinz, Matthias and H{\"o}ss, Verena and M{\"u}ller-Glaser, K. D.},
 title = {Physical Layer Extraction of FlexRay Configuration Parameters},
 pages = {173--180},
 publisher = {IEEE},
 isbn = {978-0-7695-3690-3},
 booktitle = {2009 IEEE/IFIP International Symposium on Rapid System Prototyping},
 year = {23.06.2009 - 26.06.2009},
 doi = {10.1109/RSP.2009.13},
 file = {http://ieeexplore.ieee.org/document/5158516/},
 urldate = {12.02.20}
}

@inproceedings{LA_FR3,
 author = {Zeng, Weiying and Khalid, Mohammed and Chowdhury, Sazzadur},
 title = {A qualitative comparison of FlexRay and Ethernet in vehicle networks},
 pages = {571--576},
 publisher = {IEEE},
 isbn = {978-1-4799-5827-6},
 booktitle = {2015 IEEE 28th Canadian Conference on Electrical and Computer Engineering (CCECE)},
 year = {03.05.2015 - 06.05.2015},
 doi = {10.1109/CCECE.2015.7129338},
 file = {http://ieeexplore.ieee.org/document/7129338/},
 urldate = {11.02.20}
}

@misc{LA_FR4,
 title = {Beyond Flexray},
 file = {https://www.eetimes.com/beyond-flexray-bmw-airs-ethernet-plans/#},
 urldate = {12.02.20}
}

@misc{LA_FR5,
 title = {In vehicle Networking},
 file = {https://ariloutech.com/news/understanding-automotive-cyber-security-the-in-vehicle-network/},
 urldate = {11.02.20}
}

@book{LA_FR6,
 author = {Heinz, Matthias},
 year = {2012},
 title = {Modellbasierte Entwicklung und Konfiguration des zeitgesteuerten FlexRay Bussystems: Zugl.: Karlsruhe, KIT, Diss., 2012},
 url = {https://edocs.tib.eu/files/e01fn12/725694173.pdf},
 address = {Hannover and Karlsruhe},
 volume = {5},
 publisher = {{Technische Informationsbibliothek u. Universit{\"a}tsbibliothek} and {KIT Scientific Publishing}},
 isbn = {978-3-86644-816-2},
 series = {Steinbuch series on advances in information technology},
 file = {http://deposit.d-nb.de/cgi-bin/dokserv?id=4100983&prov=M&dok_var=1&dok_ext=htm},
 file = {http://digbib.ubka.uni-karlsruhe.de/volltexte/1000025851},
 file = {http://d-nb.info/1025164083/04},
 urldate = {12.02.20}
}
