% This file was created with Citavi 6.3.0.0

@book{.BP01,
 abstract = {{\^A} This is a complete reference guide to automotive electrics and electronics. This new edition of the definitive reference for automotive engineers, compiled by one of the world's largest automotive equipment suppliers, includes new and updated material. As in previous editions different topics are covered in a concise but descriptive way backed up by diagrams, graphs, photographs and tables enabling the reader to better comprehend the subject. This fifth edition revises the classical topics of the vehicle electrical systems such as system architecture, control, components and sensors. There.},
 year = {2013},
 title = {Bosch automotive electrics and automotive electronics: Systems and components, networking and hybrid drive},
 keywords = {Automobiles;Automotive computers},
 address = {Wiesbaden},
 edition = {Fifth edition},
 publisher = {{Springer Vieweg}},
 isbn = {365801783X},
 series = {Bosch Professional Automotive Information},
 file = {http://www.worldcat.org/oclc/896374608}
}

@misc{.BP02,
 abstract = {This graph shows automotive electronics cost as a share of total car cost from 1970 to 2030.},
 author = {{I. Wagner}},
 year = {23/10/2019},
 title = {Car costs - automotive electronics costs worldwide 2030 | Statista},
 url = {https://www.statista.com/statistics/277931/automotive-electronics-cost-as-a-share-of-total-car-cost-worldwide/},
 address = {Statista},
 urldate = {10/02/2020}
}





