
% This file was created with Citavi 6.3.0.0
% MH Quellen

@article{.MH_Ethernet,
 author = {{Jan Sobotta}},
 title = {TA13},
 url = {https://www.uni-koblenz-landau.de/de/koblenz/fb4/ist/AGZoebel/Lehre/Sommer2015/SeminarASidA/TA13},
 urldate = {13.02.2020},
 file = {TA13:C\:\\Users\\legau\\Documents\\Citavi 6\\Projects\\Blockveranstaltung\\Citavi Attachments\\TA13.pdf:pdf}
}

@inproceedings{.MH_Vehicle,
 author = {Hank, Peter and Muller, Steffen and Vermesan, Ovidiu and {van den Keybus}, Jeroen},
 title = {Automotive Ethernet: In-vehicle Networking and Smart Mobility},
 pages = {1735--1739},
 publisher = {IEEE},
 isbn = {9781467350716},
 booktitle = {Design, Automation {\&} Test in Europe Conference {\&} Exhibition (DATE), 2013},
 year = {2013},
 address = {Piscataway, NJ},
 doi = {10.7873/DATE.2013.349},
 file = {http://ieeexplore.ieee.org/xpl/mostRecentIssue.jsp?punumber=6507370}
}

@proceedings{EuropeanDesignAutomationAssociation.2013,
 year = {2013},
 title = {Design, Automation {\&} Test in Europe Conference {\&} Exhibition (DATE), 2013: 18 - 22 March 2013, Grenoble, France ; proceedings},
 keywords = {Automation;Computer-aided design;Computerarchitektur;Congresses;Data processing;Design and construction;Electronic circuit design;Electronic industries;Electronic systems;Entwurfsautomation;Mikroprozessor;Testing},
 address = {Piscataway, NJ},
 publisher = {IEEE},
 isbn = {9781467350716},
 institution = {{European Design Automation Association} and {Design, Automation {\&} Test in Europe Conference {\&} Exhibition} and DATE},
 doi = {10.7873/DATE.2013}
}

@proceedings{InstituteofElectricalandElectronicsEngineers.2008,
 year = {2008},
 title = {IEEE Vehicle Power and Propulsion Conference, 2008: VPPC '08 ; 3 - 5 Sept. 2008, Harbin, China},
 keywords = {Automobiles;Congresses;Fuel systems;Hybrid electric vehicles},
 address = {Piscataway, NJ},
 publisher = {IEEE},
 isbn = {978-1-4244-1848-0},
 institution = {{Institute of Electrical and Electronics Engineers} and {IEEE Vehicle Power and Propulsion Conference} and VPPC}
}

@article{.MH_VehicleNetwork,
 author = {Tuohy, Shane and Glavin, Martin and Hughes, Ciaran and Jones, Edward and Trivedi, Mohan and Kilmartin, Liam},
 year = {2015},
 title = {Intra-Vehicle Networks: A Review},
 pages = {534--545},
 volume = {16},
 number = {2},
 issn = {1524-9050},
 journal = {IEEE Transactions on Intelligent Transportation Systems},
 doi = {10.1109/TITS.2014.2320605}
}

@misc{.MH_Bus,
urldate = {13.02.2020},
URL = {https://2.bp.blogspot.com/-R-uihxzRU6g/WOIFGLjqtMI/AAAAAAAAEdg/X3YgTGUxQ8MSCbm14OsABMnhWUTK-Ee-gCLcB/s1600/bus_topology.jpg},
author = {blogspot.com}
}

@misc{.MH_Tree,
urldate = {13.02.2020},
URL = {http://units.folder101.com/cisco/sem1/Notes/ch2-topologies/tree.gif},
author = {folder101.com}
}

@misc{.MH_Ring,
urldate = {13.02.2020},
URL = {https://images.tecchannel.de/bdb/361603/840x473.jpg},
author = {tecchannel.de}
}

@misc{.MH_Star,
urldate = {13.02.2020},
URL = {http://slideplayer.org/slide/791365/2/images/3/Sternstruktur+(Ethernet+Twisted+Pair).jpg},
author = {slideplayer.org}
}

@misc{.MH_Scatter,
urldate = {13.02.2020},
URL = {https://de.wikipedia.org/wiki/Scatternet#/media/Datei:BluetoothScatternet-de.svg},
author = {wikipedia.org}
}
