%BP Quellen

@book{BP01,
 abstract = {{\^A} This is a complete reference guide to automotive electrics and electronics. This new edition of the definitive reference for automotive engineers, compiled by one of the world's largest automotive equipment suppliers, includes new and updated material. As in previous editions different topics are covered in a concise but descriptive way backed up by diagrams, graphs, photographs and tables enabling the reader to better comprehend the subject. This fifth edition revises the classical topics of the vehicle electrical systems such as system architecture, control, components and sensors. There.},
 year = {2013},
 title = {Bosch automotive electrics and automotive electronics: Systems and components, networking and hybrid drive},
 keywords = {Automobiles;Automotive computers},
 address = {Wiesbaden},
 edition = {Fifth edition},
 publisher = {{Springer Vieweg}},
 isbn = {365801783X},
 series = {Bosch Professional Automotive Information},
 file = {http://www.worldcat.org/oclc/896374608}
}

% TW Quellen
@article{leen1999digital,
title={Digital networks in the automotive vehicle},
author={Leen, Gabriel and Heffernan, Donal and Dunne, Alan},
journal={Computing \& Control Engineering Journal},
volume={10},
number={6},
pages={257--266},
year={1999},
publisher={IET}
}

@book{reif2011bosch,
title={Bosch Autoelektrik und Autoelektronik},
author={Reif, Konrad},
year={2011},
publisher={Springer}
}

@article{TW_huang2018vehicle,
title={In-vehicle networking: Protocols, challenges, and solutions},
author={Huang, Jun and Zhao, Mingli and Zhou, Yide and Xing, Cong-Cong},
journal={IEEE Network},
volume={33},
number={1},
pages={92--98},
year={2018},
publisher={IEEE}
}

@article{TW_kim2014gateway,
title={Gateway framework for in-vehicle networks based on CAN, FlexRay, and Ethernet},
author={Kim, Jin Ho and Seo, Suk-Hyun and Hai, Nguyen-Tien and Cheon, Bo Mu and Lee, Young Seo and Jeon, Jae Wook},
journal={IEEE Transactions on Vehicular Technology},
volume={64},
number={10},
pages={4472--4486},
year={2014},
publisher={IEEE}
}

@inproceedings{hank2013automotive,
title={Automotive ethernet: in-vehicle networking and smart mobility},
author={Hank, Peter and M{\"u}ller, Steffen and Vermesan, Ovidiu and Van Den Keybus, Jeroen},
booktitle={2013 Design, Automation \& Test in Europe Conference \& Exhibition (DATE)},
pages={1735--1739},
year={2013},
organization={IEEE}
}

@inproceedings{wolf2004security,
title={Security in automotive bus systems},
author={Wolf, Marko and Weimerskirch, Andr{\'e} and Paar, Christof},
booktitle={Workshop on Embedded Security in Cars},
year={2004},
organization={Bochum}
}


%TS Quellen

@misc{TS_regen_pic,
 author = {archiv.langzeittest.de},
 year = {11.04.2012},
 title = {cb-regensensor-prinzip.jpg (JPEG-Grafik, 500~$\times$~375 Pixel)},
 url = {https://archiv.langzeittest.de/volvo-s40/intern/grafik/cb-regensensor-prinzip.jpg},
 urldate = {13.02.2020}
}


@misc{TS_drehzahl_sensor_pic,
 author = {www.kfztech.de},
 year = {07.01.2018},
 title = {radsensor{\_}aktiv1.jpg (JPEG-Grafik, 289~$\times$~279 Pixel)},
 url = {https://www.kfztech.de/kfztechnik/elo/sensoren/drehzahl/radsensor_aktiv1.jpg},
 urldate = {13.02.2020}
}


@misc{TS_dreh_pic_photo,
 author = {www.kfztech.de},
 year = {07.01.2018},
 title = {photoelektrisch.jpg (JPEG-Grafik, 320~$\times$~288 Pixel)},
 url = {https://www.kfztech.de/kfztechnik/fahrwerk/lenkung/photoelektrisch.jpg},
 urldate = {13.02.2020}
}


@misc{TS_temp_pic,
 author = {www.kfztech.de},
 year = {07.01.2018},
 title = {ntc5.jpg (JPEG-Grafik, 201~$\times$~161 Pixel)},
 url = {https://www.kfztech.de/kfztechnik/elo/sensoren/ntc/ntc5.jpg},
 urldate = {13.02.2020}
}


@misc{TS_lambda_pic,
 author = {www.kfztech.de},
 year = {07.01.2018},
 title = {messprinzip1.jpg (JPEG-Grafik, 490~$\times$~294 Pixel)},
 url = {https://www.kfztech.de/kfztechnik/motor/abgas/lambda/messprinzip1.jpg},
 urldate = {13.02.2020}
}


@misc{TS_dreh_pic_mag,
 author = {www.kfztech.de},
 year = {07.01.2018},
 title = {magnetroresistiv.jpg (JPEG-Grafik, 498~$\times$~347 Pixel)},
 url = {https://www.kfztech.de/kfztechnik/fahrwerk/lenkung/magnetroresistiv.jpg},
 urldate = {13.02.2020}
}
 

@misc{TS_sensor_aufteilen,
 author = {www.itwissen.info},
 year = {03.10.2019},
 title = {uebersicht-ueber-verschiedene-sensoren.png (PNG-Grafik, 382~$\times$~617 Pixel)},
 url = {https://www.itwissen.info/lex-images/uebersicht-ueber-verschiedene-sensoren.png},
 urldate = {13.02.2020}
}


@misc{TS_sensoren,
 author = {www.itwissen.info},
 title = {Sensor :: sensor :: ITWissen.info},
 url = {https://www.itwissen.info/Sensor-sensor.html},
 keywords = {Kapazitiver Sensor;Licht;Lichtst{\"a}rke;Magnetfeldsensor;Magnetischer Fluss;Relation;Schall;Signal;Strahlung;U (Spannung)},
 urldate = {13.02.2020}
}


@misc{TS_ind_sensor,
 author = {www.channypicture.com},
 title = {6BCD9366CB23CB6653FCD236366646D2999A8D6699D29D26839DD2C826469CCF16C899CA50CB16CC46A0CA.jpg (JPEG-Grafik, 1200~$\times$~1200 Pixel) - Skaliert (55{\%})},
 url = {https://www.channypicture.com/pic/UploadFile/P0/SKU229953/6BCD9366CB23CB6653FCD236366646D2999A8D6699D29D26839DD2C826469CCF16C899CA50CB16CC46A0CA.jpg},
 urldate = {13.02.2020}
}


@misc{TS_l_q_k_pic,
 author = {www.arstechnica.de},
 year = {29.10.2007},
 title = {ArsTechnica.de - Technik und Computer},
 url = {http://www.arstechnica.de/index.html?name=http://www.arstechnica.de/auto/differential/rad/seitenfuehrung.html},
 urldate = {13.02.2020}
}


@misc{TS_rdks,
 abstract = {Wie funktionieren Reifendruckkontrollsysteme (RDKS / TPMS)? Welche Systeme gibt es? Was ist direkt bzw. indirekt messend?},
 author = {Wiesinger, Johannes},
 year = {29.04.2019},
 title = {Reifendruckkontrollsysteme RDKS / TPMS},
 url = {https://www.kfztech.de/kfztechnik/fahrwerk/reifen/rdks.htm},
 keywords = {aktive systeme;dirket messend;indirekt messend;passive systeme;RDKS;Reifendruck;Reifendruckkontrolle;Reifendruckkontrollsystem;TPMS;TSS},
 urldate = {13.02.2020}
}


@misc{TS_rdks_pic,
 abstract = {Wie funktionieren Reifendruckkontrollsysteme (RDKS / TPMS)? Welche Systeme gibt es? Was ist direkt bzw. indirekt messend?},
 author = {Wiesinger, Johannes},
 year = {29.04.2019},
 title = {Reifendruckkontrollsysteme RDKS / TPMS},
 url = {https://www.kfztech.de/kfztechnik/fahrwerk/reifen/rdks.htm},
 keywords = {aktive systeme;dirket messend;indirekt messend;passive systeme;RDKS;Reifendruck;Reifendruckkontrolle;Reifendruckkontrollsystem;TPMS;TSS},
 urldate = {13.02.2020}
}


@misc{TS_temp,
 abstract = {Prinzip und Einsatz von Temperaturf{\"u}hlern (NTC), Hochtemperatursensoren und Thermoelementen},
 author = {Wiesinger, Johannes},
 year = {21.10.2019},
 title = {Temperaturf{\"u}hler NTC},
 url = {https://www.kfztech.de/kfztechnik/elo/sensoren/ntc.htm},
 keywords = {abgastemperatursensor;ansauglufttemperaturf{\"u}hler;hts;k{\"u}hlmittelsensor;NTC;platinmesswiderstand;sensor;temperaturbeiwert;Temperaturf{\"u}hler;Temperatursensor;thermoelement},
 urldate = {13.02.2020}
}


@misc{TS_swt_pic,
 author = {www.kfztech.de},
 year = {07.01.2018},
 title = {swt1.gif (GIF-Grafik, 612~$\times$~445 Pixel)},
 url = {https://www.kfztech.de/kfztechnik/sicherheit/swt/swt1.gif},
 urldate = {13.02.2020}
}


@misc{TS_see_beck,
 abstract = {Prinzip und Einsatz von Temperaturf{\"u}hlern (NTC), Hochtemperatursensoren und Thermoelementen},
 author = {Wiesinger, Johannes},
 year = {21.10.2019},
 title = {Temperaturf{\"u}hler NTC},
 url = {https://www.kfztech.de/kfztechnik/elo/sensoren/ntc.htm},
 keywords = {abgastemperatursensor;ansauglufttemperaturf{\"u}hler;hts;k{\"u}hlmittelsensor;NTC;platinmesswiderstand;sensor;temperaturbeiwert;Temperaturf{\"u}hler;Temperatursensor;thermoelement},
 urldate = {13.02.2020}
}


@misc{TS_oel,
 abstract = {Der {\"O}lsensor erm{\"o}glicht die Verl{\"a}ngerung von {\"O}lwechselintervallen},
 author = {Wiesinger, Johannes},
 year = {21.10.2019},
 title = {{\"O}lsensor},
 url = {https://www.kfztech.de/kfztechnik/elo/sensoren/oelsensor.htm},
 keywords = {f{\"u}llstand;motor{\"o}l;{\"O}lsensor;{\"o}lwechselintervall;permittivit{\"a}t;Wechselintervallverl{\"a}ngerung;wiv;zustand},
 urldate = {13.02.2020}
}


@misc{TS_hall,
 abstract = {Der Hallgeber (Hallsensor) im Automobil - Einsatz, Aufbau, Funktion, Pr{\"u}fung, Signalbilder, Video,},
 author = {Wiesinger, Johannes},
 year = {21.10.2019},
 title = {Hallgeber Hallsensor im Kfz},
 url = {https://www.kfztech.de/kfztechnik/elo/sensoren/hallsensor.htm},
 keywords = {bosch;Hallgeber;Hallsensor;Hallspannung;nockenwellensensor;sensor;sensorsignal;z{\"u}ndung},
 urldate = {13.02.2020}
}


@misc{TS_hall_pic,
 abstract = {Der Hallgeber (Hallsensor) im Automobil - Einsatz, Aufbau, Funktion, Pr{\"u}fung, Signalbilder, Video,},
 author = {Wiesinger, Johannes},
 year = {21.10.2019},
 title = {Hallgeber Hallsensor im Kfz},
 url = {https://www.kfztech.de/kfztechnik/elo/sensoren/hallsensor.htm},
 keywords = {bosch;Hallgeber;Hallsensor;Hallspannung;nockenwellensensor;sensor;sensorsignal;z{\"u}ndung},
 urldate = {13.02.2020}
}


@misc{TS_ind_funkt,
 abstract = {Induktivgeber im Automobil - Einsatz, Aufgabe, Funktion, Pr{\"u}fung, Signalbilder, Video.},
 author = {Wiesinger, Johannes},
 year = {21.10.2019},
 title = {Der Induktivgeber im Kfz},
 url = {https://www.kfztech.de/kfztechnik/elo/sensoren/induktivgeber.htm},
 keywords = {abs;drehzahlgeber;geber;induktionsgesetz;induktiv;induktiver sensor;Induktivgeber;magnet;spule;wicklung},
 urldate = {13.02.2020}
}


@misc{TS_ind_funkt_pic,
 abstract = {Induktivgeber im Automobil - Einsatz, Aufgabe, Funktion, Pr{\"u}fung, Signalbilder, Video.},
 author = {Wiesinger, Johannes},
 year = {21.10.2019},
 title = {Der Induktivgeber im Kfz},
 url = {https://www.kfztech.de/kfztechnik/elo/sensoren/induktivgeber.htm},
 keywords = {abs;drehzahlgeber;geber;induktionsgesetz;induktiv;induktiver sensor;Induktivgeber;magnet;spule;wicklung},
 urldate = {13.02.2020}
}


@misc{TS_drehzahl_sensor,
 abstract = {Der Rad-Drehzahlsensor wurde zuerst f{\"u}r den Einsatz im Antiblockiersystem (ABS) entwickelt. Mittlerweile gewinnt der aktive Sensor immer mehr an Bedeutung.},
 author = {Wiesinger, Johannes},
 year = {21.10.2019},
 title = {Aktive Raddrehzalsensoren (AMR-Sensor)},
 url = {https://www.kfztech.de/kfztechnik/elo/sensoren/drehzahlsensor.htm},
 keywords = {AMR;amr-sensor;bosch;drehzahlf{\"u}hler;drehzahlsensor;Hallsensor;magnetoresistiv},
 urldate = {13.02.2020}
}


@misc{TS_airbag,
 abstract = {Wie arbeitet der Airbag im Auto, wann l{\"o}st er aus?},
 author = {Wiesinger, Johannes},
 year = {19.03.2018},
 title = {Der Airbag im Auto - Ausl{\"o}sung},
 url = {https://www.kfztech.de/kfztechnik/sicherheit/airbag/airbag.htm},
 keywords = {Airbag;airbag ausl{\"o}sung;airbag video;Airbag Z{\"u}ndung;Airbagsystem;Aufprallst{\"a}rke;Kfz-Technik;Sitzposition;Z{\"u}ndpille},
 urldate = {13.02.2020}
}


@misc{TS_swt,
 abstract = {Seitenwandtorsionssensor SWT},
 author = {Wiesinger, Johannes},
 year = {07.01.2018},
 title = {Seitenwandtorsionssensor},
 url = {https://www.kfztech.de/kfztechnik/sicherheit/swt.htm},
 keywords = {continental;magnetisiert;reifen;reifenseitenwand;seitenwand;seitenwandtorsionssensor;sensor;swt;torsionssensor},
 urldate = {13.02.2020}
}


@misc{TS_regen,
 abstract = {Der Regensensor registriert Wassertropfen auf der Windschutzscheibe~durch ein opto-elektronisches Verfahren.},
 author = {Wiesinger, Johannes},
 year = {07.01.2018},
 title = {Regensensor},
 url = {https://www.kfztech.de/kfztechnik/sicherheit/regensensor.htm},
 keywords = {empf{\"a}ngerdioden;komfortelektronik;leuchtdioden;lichtsensor;regenlichtsensor;regensensor;sendedioden;sensor;wassertropfen;windschutzscheibe},
 urldate = {13.02.2020}
}


@misc{TS_lambda,
 abstract = {Alles {\"u}ber Lambdasonden - Teil 1 - Aufbau und Funktion von Lambdasonden Katalysator und Lambda},
 author = {Wiesinger, Johannes},
 year = {01.09.2018},
 title = {Lambdasonden - Aufbau und Funktion (Teil 1)},
 url = {https://www.kfztech.de/kfztechnik/motor/abgas/lambda/lambda1.htm},
 keywords = {CO;fett;HC;Lambda;Lambdasonde;Lamdasonde;Luftzahl;mager;Mischungsverh{\"a}ltnis;NOx;st{\"o}chiometrisch;Verbrennung},
 urldate = {13.02.2020}
}


@misc{TS_dreh,
 abstract = {Drehmomentsensor von Bosch f{\"u}r neue Lenksysteme von Bosch, Lenkmomentsensor nach magnetoresistiven Prinzip},
 author = {Wiesinger, Johannes},
 year = {01.09.2018},
 title = {Drehmomentsensor in der Lenkung},
 url = {https://www.kfztech.de/kfztechnik/fahrwerk/lenkung/drehmosensor.htm},
 keywords = {Drehmomentsensor;Lenksystem;Lenkung;Opel;sensor;Servolenkung},
 urldate = {13.02.2020}
}


@misc{TS_ultraschall_pic,
 author = {Bosch},
 year = {16.08.2016},
 title = {1-ae-17866-2.jpg (JPEG-Grafik, 2126~$\times$~1535 Pixel) - Skaliert (31{\%})},
 url = {https://www.bosch-presse.de/pressportal/de/media/migrated_media/pressegespr_ch_fahrerassistenz_2012/1-ae-17866-2.jpg},
 urldate = {13.02.2020}
}


@misc{TS_reifen,
 abstract = {Ein neu entwickelter Reifensensor soll den Stra{\ss}enzustand erkennen und rechtzeitig vor Gefahren warnen.},
 author = {Wiesinger, Johannes},
 year = {21.10.2019},
 title = {Reifensensor},
 url = {https://www.kfztech.de/kfztechnik/elo/sensoren/reifensensor.htm},
 keywords = {abs;chip;funksignal;glatteis;Goodyear;reifenprofil;Reifensensor;stra{\ss}enzusand},
 urldate = {13.02.2020}
}


@misc{TS_kamera_pic,
 author = {www.leifiphysik.de},
 title = {Ultraschall beim Auto | LEIFIphysik},
 url = {https://www.leifiphysik.de/akustik/schallgeschwindigkeit/ausblick/ultraschall-beim-auto},
 urldate = {13.02.2020}
}

% MH Quellen

@article{.MH_Ethernet,
 author = {{Jan Sobotta}},
 title = {TA13},
 url = {https://www.uni-koblenz-landau.de/de/koblenz/fb4/ist/AGZoebel/Lehre/Sommer2015/SeminarASidA/TA13},
 urldate = {13.02.2020},
 file = {TA13:C\:\\Users\\legau\\Documents\\Citavi 6\\Projects\\Blockveranstaltung\\Citavi Attachments\\TA13.pdf:pdf}
}

@inproceedings{.MH_Vehicle,
 author = {Hank, Peter and Muller, Steffen and Vermesan, Ovidiu and {van den Keybus}, Jeroen},
 title = {Automotive Ethernet: In-vehicle Networking and Smart Mobility},
 pages = {1735--1739},
 publisher = {IEEE},
 isbn = {9781467350716},
 booktitle = {Design, Automation {\&} Test in Europe Conference {\&} Exhibition (DATE), 2013},
 year = {2013},
 address = {Piscataway, NJ},
 doi = {10.7873/DATE.2013.349},
 file = {http://ieeexplore.ieee.org/xpl/mostRecentIssue.jsp?punumber=6507370},
 urldate = {13.02.2020}
}

@misc{.MH_Bus,
urldate = {13.02.2020},
URL = {https://2.bp.blogspot.com/-R-uihxzRU6g/WOIFGLjqtMI/AAAAAAAAEdg/X3YgTGUxQ8MSCbm14OsABMnhWUTK-Ee-gCLcB/s1600/bus_topology.jpg},
author = {blogspot.com}
}

@misc{.MH_Star,
urldate = {13.02.2020},
URL = {http://slideplayer.org/slide/791365/2/images/3/Sternstruktur+(Ethernet+Twisted+Pair).jpg},
author = {slideplayer.org}
}

@misc{.MH_Tree,
urldate = {13.02.2020},
URL = {http://units.folder101.com/cisco/sem1/Notes/ch2-topologies/tree.gif},
author = {folder101.com}
}

@misc{.MH_Ring,
urldate = {13.02.2020},
URL = {https://images.tecchannel.de/bdb/361603/840x473.jpg},
author = {tecchannel.de}
}

@misc{.MH_Scatter,
urldate = {13.02.2020},
URL = {https://de.wikipedia.org/wiki/Scatternet#/media/Datei:BluetoothScatternet-de.svg},
author = {wikipedia.org}
}
